<record><leader>00000cas a22000007a 4500</leader><controlfield tag="001">29780618</controlfield><controlfield tag="008">940210d195219uunyuwr ne      0    0eng d</controlfield><datafield ind1=" " ind2=" " tag="010"><subfield code="a">sn 94057685 </subfield></datafield><datafield ind1=" " ind2=" " tag="040"><subfield code="a">NYS</subfield><subfield code="b">eng</subfield><subfield code="c">NYS</subfield><subfield code="d">OCLCQ</subfield><subfield code="d">OCLCF</subfield><subfield code="d">OCLCO</subfield></datafield><datafield ind1="1" ind2=" " tag="029"><subfield code="a">AU@</subfield><subfield code="b">000025905718</subfield></datafield><datafield ind1=" " ind2=" " tag="042"><subfield code="a">msc</subfield></datafield><datafield ind1=" " ind2=" " tag="043"><subfield code="a">n-us-ny</subfield></datafield><datafield ind1="0" ind2=" " tag="130"><subfield code="a">North shore news (Mexico, N.Y.)</subfield></datafield><datafield ind1="1" ind2="0" tag="245"><subfield code="a">North shore news.</subfield></datafield><datafield ind1=" " ind2=" " tag="260"><subfield code="a">Mexico, N.Y. :</subfield><subfield code="b">Everet V. Backus,</subfield><subfield code="c">1952-</subfield></datafield><datafield ind1=" " ind2=" " tag="300"><subfield code="a">v. ;</subfield><subfield code="c">55 cm.</subfield></datafield><datafield ind1=" " ind2=" " tag="310"><subfield code="a">Weekly</subfield></datafield><datafield ind1="0" ind2=" " tag="362"><subfield code="a">Vol. 2, no. 42 (Oct. 17, 1952)-</subfield></datafield><datafield ind1=" " ind2=" " tag="515"><subfield code="a">Some issues called vol. 91.</subfield></datafield><datafield ind1=" " ind2=" " tag="588"><subfield code="a">Latest issue consulted: Vol. 2, no. 52 (Dec. 26, 1952).</subfield></datafield><datafield ind1=" " ind2="0" tag="651"><subfield code="a">Mexico (N.Y.)</subfield><subfield code="v">Newspapers.</subfield></datafield><datafield ind1=" " ind2="0" tag="651"><subfield code="a">Oswego County (N.Y.)</subfield><subfield code="v">Newspapers.</subfield></datafield><datafield ind1=" " ind2="7" tag="655"><subfield code="a">Newspapers.</subfield><subfield code="2">fast</subfield><subfield code="0">(OCoLC)fst01423814</subfield></datafield><datafield ind1=" " ind2="7" tag="651"><subfield code="a">New York (State)</subfield><subfield code="z">Mexico.</subfield><subfield code="2">fast</subfield><subfield code="0">(OCoLC)fst01221623</subfield></datafield><datafield ind1=" " ind2="7" tag="651"><subfield code="a">New York (State)</subfield><subfield code="z">Oswego County.</subfield><subfield code="2">fast</subfield><subfield code="0">(OCoLC)fst01208853</subfield></datafield><datafield ind1=" " ind2=" " tag="752"><subfield code="a">United States</subfield><subfield code="b">New York</subfield><subfield code="c">Oswego</subfield><subfield code="d">Mexico.</subfield></datafield><datafield ind1="0" ind2="0" tag="780"><subfield code="t">Register (Cleveland, N.Y.)</subfield><subfield code="w">(DLC)sn 94057684</subfield><subfield code="w">(OCoLC)29780616</subfield></datafield></record>